<record><leader>00000cas a22000007a 4500</leader><controlfield tag="001">20647148</controlfield><controlfield tag="008">891114d19141916iduwr ne      0    0eng d</controlfield><datafield ind1=" " ind2=" " tag="010"><subfield code="a">sn 89055254 </subfield></datafield><datafield ind1=" " ind2=" " tag="040"><subfield code="a">NVB</subfield><subfield code="b">eng</subfield><subfield code="c">NVB</subfield><subfield code="d">OCLCQ</subfield><subfield code="d">OCLCF</subfield><subfield code="d">OCLCO</subfield></datafield><datafield ind1=" " ind2=" " tag="042"><subfield code="a">msc</subfield></datafield><datafield ind1=" " ind2=" " tag="043"><subfield code="a">n-us-id</subfield></datafield><datafield ind1="0" ind2="0" tag="245"><subfield code="a">Southern Idaho Democrat.</subfield></datafield><datafield ind1=" " ind2=" " tag="260"><subfield code="a">Shoshone, Idaho :</subfield><subfield code="b">H.B. Jones</subfield></datafield><datafield ind1=" " ind2=" " tag="300"><subfield code="a">v.</subfield></datafield><datafield ind1=" " ind2=" " tag="310"><subfield code="a">Weekly</subfield></datafield><datafield ind1="1" ind2=" " tag="362"><subfield code="a">Began in Aug. 1914.</subfield></datafield><datafield ind1="0" ind2=" " tag="362"><subfield code="a">-v. 2, no. 45 (July 21, 1916) ; v. 34, no. 21 (July 28, 1916).</subfield></datafield><datafield ind1=" " ind2=" " tag="588"><subfield code="a">Description based on: Vol. 2, no. 1 (Aug. 13, 1915).</subfield></datafield><datafield ind1=" " ind2="0" tag="651"><subfield code="a">Shoshone (Idaho)</subfield><subfield code="v">Newspapers.</subfield></datafield><datafield ind1=" " ind2="7" tag="655"><subfield code="a">Newspapers.</subfield><subfield code="2">fast</subfield><subfield code="0">(OCoLC)fst01423814</subfield></datafield><datafield ind1=" " ind2="7" tag="651"><subfield code="a">Idaho</subfield><subfield code="z">Shoshone.</subfield><subfield code="2">fast</subfield><subfield code="0">(OCoLC)fst01263068</subfield></datafield><datafield ind1=" " ind2=" " tag="752"><subfield code="a">United States</subfield><subfield code="b">Idaho</subfield><subfield code="c">Lincoln</subfield><subfield code="d">Shoshone.</subfield></datafield><datafield ind1="0" ind2="4" tag="785"><subfield code="t">Shoshone journal</subfield><subfield code="w">(DLC)sn 86063039</subfield></datafield></record>